@Article{refer1,
  author          = "Pratt, Gill A. and Williamson, Matthew M.",
  title           = "Series elastic actuators", 
  journal         = "Proceedings 1995 IEEE/RSJ International Conference on Intelligent Robots and Systems",
  volume          = "1",
  pages           = "399--406",
  year            = "1995"
}

@Article{refer2,
  author          = "Klemm, Victor and Morra, Alessandro and Salzmann, Ciro and Tschopp, Florian and Bodie, Karen and Gulich, Lionel and K{\"u}ng, Nicola and Mannhart, Dominik and Pfister, Corentin and Vierneisel, Marcus and others",
  title           = "Ascento: A two-wheeled jumping robot",
  journal         = "2019 International Conference on Robotics and Automation (ICRA)",
  pages          = "7515--7521",
  year            = "2019"
}

@Article{refer3,
  author="Sota Yokoyama and Ikuo Mizuuchi",
  title  = "Landing Attitude Control in 1-DOF Repeated Jumping Robot Using Series Elastic Component",
  journal="The Proceedings of JSME annual Conference on Robotics and Mechatronics (Robomec)",
  volume="2020",
  pages="1A1-H17",
  year="2020"
}


  author="Yuta Kinase and Takatoshi Hondo and Ikuo Mizuuchi",
  title="Realization of Jumping by a Humanoid Robot with Spring Equipment",
  journal="The Proceedings of JSME annual Conference on Robotics and Mechatronics (Robomec)",
  volume="2012",
  pages = "\_2A1--G11\_1",
  year="2012"


@Article{refer4,
  author="Takatoshi Hondo and Yuta Kinase and Ikuo Mizuuchi",
  title="Jumping Motion Experiments on a NAO Robot with Elastic Devices",
  journal="Proceedings of 12th IEEE-RAS International Conference on Humanoid Robots",
  pages = "823--828",
  year="2012"
}
(Dynamics &amp; Design of Robot System)
#2A1-G11_1-_2A1-G11_4
@Article{refer5,
  author="Yuji Asai and Yasuhiro Chiba and Naoki Bushida and Keisuke Sakaguchi and Koki Kikuchi and Takayuki Sudo",
  title="A Study on Fast Stair-climbing by Vehicle Using Vibration of 2-DOF System : Demonstration of Hopping and Soft-landing by Hardware",
  journal="The Proceedings of JSME annual Conference on Robotics and Mechatronics (Robomec)",
  volume="2007",
  pages  = "\_2A1--J04\_1",
  year="2007"
}
#2A1-J04_1-_2A1-J04_4
  author          = "Pratt, Jerry E. and Pratt, Gill A.",
  title           = "Exploiting natural dynamics in the control of a planar bipedal walking robot", 
  journal         = "Proceedings of the Thirty-Sixth Annual Allerton Conference on Communication, Control, and Computing",
  pages           = "739--748",
  year            = "1998"


@Article{refer6,
  author          = "Pratt, Jerry E. and Pratt, Gill A.",
  title="Intuitive control of a planar bipedal walking robot",
  journal="Proceedings. 1998 IEEE international conference on robotics and automation",
  volume="3",
  pages="2014--2021",
  year="1998",
}

@Article{refer7,
  author="Osamu Matsumoto and Shuuji Kajita and Muneharu Saigo and Kazuo Tani",
  title="Dynamic Trajectory Control of Passing Over Stairs by a Biped Type Leg-wheeled Robot with Nominal Reference of Static Gait",
  journal="Journal of the Robotics Society of Japan",
  volume="16",
  pages="868-875",
  year="1998",
  }

@Article{refer8,
  author          = "Zhang, Jingfan and Wang, Shuai and Wang, Haitao and Lai, Jie and Bing, Zhenshan and Jiang, Yu and Zheng, Yu and Zhang, Zhengyou",
  title           = "An Adaptive Approach to Whole-Body Balance Control of Wheel-Bipedal Robot Ollie", 
  journal         = "2022 IEEE/RSJ International Conference on Intelligent Robots and Systems (IROS)",
  pages           = "12835--12842",
  year            = "2022"
}

@Article{refer9,
  author          = "Bjelonic, Marko and Grandia, Ruben and Harley, Oliver and Galliard, Cla and Zimmermann, Samuel and Hutter, Marco",
  title           = "Whole-body mpc and online gait sequence generation for wheeled-legged robots", 
  journal         = "2021 IEEE/RSJ International Conference on Intelligent Robots and Systems (IROS)",
  pages           = "8388--8395",
  year            = "2021"
}

@Article{refer10,
  author          = "Imaoka, Noriaki and Kimura, Kohei and Noda, Shintaro and Kakiuchi, Yohei and Inaba, Masayuki and Ando, Takeshi",
  title           = "A transformable human-carrying wheel--leg mobility for daily use", 
  journal         = "2021 IEEE/RSJ International Conference on Intelligent Robots and Systems (IROS)",
  pages           = "3005--3011",
  year            = "2021"
}


@Article{refer11,
  author          = "Klemm, Victor and Morra, Alessandro and Gulich, Lionel and Mannhart, Dominik and Rohr, David and Kamel, Mina and de Viragh, Yvain and Siegwart, Roland",
  title           = "LQR-assisted whole-body control of a wheeled bipedal robot with kinematic loops", 
  journal         = "IEEE Robotics and Automation Letters",
  volume          = "5",
  pages           = "3745--3752",
  year            = "2020"
}

@Article{refer12,
  author          = "Haldane, Duncan W and Yim, Justin K and Fearing, Ronald S",
  title           = "Repetitive extreme-acceleration (14-g) spatial jumping with Salto-1P", 
  journal         = "2017 IEEE/RSJ International Conference on Intelligent Robots and Systems (IROS)",
  pages           = "3345--3351",
  year            = "2017"
}


